@article{coudert2006dipole,
  title={Dipole moment, hydrogen bonding and IR spectrum of confined water},
  author={Coudert, Fran{\c{c}}ois-Xavier and Vuilleumier, Rodolphe and Boutin, Anne},
  journal={ChemPhysChem},
  volume={7},
  number={12},
  pages={2464--2467},
  year={2006},
  publisher={Wiley Online Library}
}

@article{dalla2016water,
  title={Water in carbon nanotubes: the peculiar hydrogen bond network revealed by infrared spectroscopy},
  author={Dalla Bernardina, Simona and Paineau, Erwan and Brubach, Jean-Blaise and Judeinstein, Patrick and Rouzière, Stéphan and Launois, Pascale and Roy, Pascale},
  journal={Journal of the American Chemical Society},
  volume={138},
  number={33},
  pages={10437--10443},
  year={2016},
  publisher={ACS Publications}
}

@article{cicero2008water,
  title={Water confined in nanotubes and between graphene sheets: A first principle study},
  author={Cicero, Giancarlo and Grossman, Jeffrey C and Schwegler, Eric and Gygi, Francois and Galli, Giulia},
  journal={Journal of the American Chemical Society},
  volume={130},
  number={6},
  pages={1871--1878},
  year={2008},
  publisher={ACS Publications}
}

@article{kashtanov2005chemical,
  title={Chemical and electronic structures of liquid methanol from x-ray emission spectroscopy and density functional theory},
  author={Kashtanov, Stepan and Augustson, Andreas and Rubensson, Jan-Erik and Nordgren, Joseph and {\AA}gren, Hans and Guo, Jing-Hua and Luo, Yi},
  journal={Physical Review B},
  volume={71},
  number={10},
  pages={104205},
  year={2005},
  publisher={APS}
}

@article{pagliai2003hydrogen,
  title={Hydrogen bond dynamics in liquid methanol},
  author={Pagliai, Marco and Cardini, Gianni and Righini, Roberto and Schettino, Vincenzo},
  journal={The Journal of chemical physics},
  volume={119},
  number={13},
  pages={6655--6662},
  year={2003},
  publisher={AIP}
}

@article{morrone2002ab,
  title={Ab initio molecular dynamics study of proton mobility in liquid methanol},
  author={Morrone, Joseph A and Tuckerman, Mark E},
  journal={The Journal of chemical physics},
  volume={117},
  number={9},
  pages={4403--4413},
  year={2002},
  publisher={AIP}
}