@article{Fujita1994,
author = {Fujita, Makoto and Kwon, Yoon Jung and Washizu, Satoru and Ogura, Katsuyuki},
title = {Preparation, Clathration Ability, and Catalysis of a Two-Dimensional Square Network Material Composed of Cadmium(II) and 4,4'-Bipyridine},
journal = {Journal of the American Chemical Society},
volume = {116},
number = {3},
pages = {1151-1152},
year = {1994},
doi = {10.1021/ja00082a055},
URL = { 
        https://doi.org/10.1021/ja00082a055   
},
eprint = { 
        https://doi.org/10.1021/ja00082a055
}
}


@article{batten1995two,
  title={Two Interpenetrating 3D Networks Which Generate Spacious Sealed-Off Compartments Enclosing of the Order of 20 Solvent Molecules in the Structures of Zn (CN)(NO3)(tpt) 2/3. cntdot. solv (tpt= 2, 4, 6-tri (4-pyridyl)-1, 3, 5-triazine, solv=. apprx. 3/4C2H2Cl4. cntdot. 3/4CH3OH or. apprx. 3/2CHCl3. cntdot. 1/3CH3OH)},
  author={Batten, Stuart R and Hoskins, Bernard F and Robson, Richard},
  journal={Journal of the American Chemical Society},
  volume={117},
  number={19},
  pages={5385--5386},
  year={1995},
  publisher={ACS Publications}
}

@article{hoskins1990design,
  title={Design and construction of a new class of scaffolding-like materials comprising infinite polymeric frameworks of 3D-linked molecular rods. A reappraisal of the zinc cyanide and cadmium cyanide structures and the synthesis and structure of the diamond-related frameworks [N (CH3) 4][CuIZnII (CN) 4] and CuI [4, 4', 4'', 4'''-tetracyanotetraphenylmethane] BF4. xC6H5NO2},
  author={Hoskins, BF and Robson, Richard},
  journal={Journal of the American Chemical Society},
  volume={112},
  number={4},
  pages={1546--1554},
  year={1990},
  publisher={ACS Publications}
}

@article{kitagawa1993synthesis,
  title={Synthesis and crystal structures of novel copper (I) co-ordination polymers and a hexacopper (I) cluster of quinoline-2-thione},
  author={Kitagawa, Susumu and Kawata, Satoshi and Nozaka, Youich and Munakata, Megumu},
  journal={Journal of the Chemical Society, Dalton Transactions},
  number={9},
  pages={1399--1404},
  year={1993},
  publisher={Royal Society of Chemistry}
}

@article{kitagawa1991synthesis,
  title={Synthesis and crystal structures of novel one-dimensional polymers,[$\{$M (bpen) X$\}_{\infty}$][M= Cu I, X= PF 6--; M= Ag I, X= ClO 4--; bpen= trans-1, 2-bis (2-pyridyl) ethylene] and [$\{$Cu (bpen)(CO)(CH 3 CN)(PF 6)$\}_{\infty}$]},
  author={Kitagawa, Susumu and Matsuyama, Shinji and Munakata, Megumu and Emori, Tsunehiko},
  journal={Journal of the Chemical Society, Dalton Transactions},
  number={11},
  pages={2869--2874},
  year={1991},
  publisher={Royal Society of Chemistry}
}

@article{yaghi1995hydrothermal,
  title={Hydrothermal synthesis of a metal-organic framework containing large rectangular channels},
  author={Yaghi, OM and Li, Hailian},
  journal={Journal of the American Chemical Society},
  volume={117},
  number={41},
  pages={10401--10402},
  year={1995},
  publisher={ACS Publications}
}

@article{riou1998hybrid,
  title={Hybrid open frameworks (MIL-n). Part 3 Crystal structures of the HT and LT forms of MIL-7: a new vanadium propylenediphosphonate with an open-framework. Influence of the synthesis temperature on the oxidation state of vanadium within the same structural type},
  author={Riou, D and F{\'e}rey, G},
  journal={Journal of Materials Chemistry},
  volume={8},
  number={12},
  pages={2733--2735},
  year={1998},
  publisher={Royal Society of Chemistry}
}

@article{furukawa2014water,
  title={Water adsorption in porous metal--organic frameworks and related materials},
  author={Furukawa, Hiroyasu and G{\'a}ndara, Felipe and Zhang, Yue-Biao and Jiang, Juncong and Queen, Wendy L and Hudson, Matthew R and Yaghi, Omar M},
  journal={Journal of the American Chemical Society},
  volume={136},
  number={11},
  pages={4369--4381},
  year={2014},
  publisher={ACS Publications}
}

@article{bai2016zr,
  title={Zr-based metal--organic frameworks: design, synthesis, structure, and applications},
  author={Bai, Yan and Dou, Yibo and Xie, Lin-Hua and Rutledge, William and Li, Jian-Rong and Zhou, Hong-Cai},
  journal={Chemical Society Reviews},
  volume={45},
  number={8},
  pages={2327--2367},
  year={2016},
  publisher={Royal Society of Chemistry}
}

@article{cavka2008new,
  title={A new zirconium inorganic building brick forming metal organic frameworks with exceptional stability},
  author={Cavka, Jasmina Hafizovic and Jakobsen, S{\o}ren and Olsbye, Unni and Guillou, Nathalie and Lamberti, Carlo and Bordiga, Silvia and Lillerud, Karl Petter},
  journal={Journal of the American Chemical Society},
  volume={130},
  number={42},
  pages={13850--13851},
  year={2008},
  publisher={ACS Publications}
}