@incollection{DeWispelaere2018,
title = "Chapter 6 - Entropy Contributions to Transition State Modeling",
editor = "C. Richard A. Catlow and Veronique Van Speybroeck and Rutger A. van Santen",
booktitle = "Modelling and Simulation in the Science of Micro- and Meso-Porous Materials",
publisher = "Elsevier",
pages = "189 - 228",
year = "2018",
isbn = "978-0-12-805057-6",
doi = "https://doi.org/10.1016/B978-0-12-805057-6.00006-5",
url = "http://www.sciencedirect.com/science/article/pii/B9780128050576000065",
author = "Kristof De Wispelaere and Louis Vanduyfhuys and Veronique Van Speybroeck"
}

@article{Ewald1921,
author = {Ewald, P. P.},
title = {Die Berechnung optischer und elektrostatischer Gitterpotentiale},
journal = {Annalen der Physik},
volume = {369},
number = {3},
pages = {253-287},
doi = {10.1002/andp.19213690304},
url = {https://onlinelibrary.wiley.com/doi/abs/10.1002/andp.19213690304},
eprint = {https://onlinelibrary.wiley.com/doi/pdf/10.1002/andp.19213690304},
year = {1921}
}

@article{Cavka2008,
author = {Cavka, Jasmina Hafizovic and Jakobsen, Søren and Olsbye, Unni and Guillou, Nathalie and Lamberti, Carlo and Bordiga, Silvia and Lillerud, Karl Petter},
title = {A New Zirconium Inorganic Building Brick Forming Metal Organic Frameworks with Exceptional Stability},
journal = {Journal of the American Chemical Society},
volume = {130},
number = {42},
pages = {13850-13851},
year = {2008},
doi = {10.1021/ja8057953},
    note ={PMID: 18817383},
URL = {https://doi.org/10.1021/ja8057953},
eprint = {https://doi.org/10.1021/ja8057953}
}

@Article{Rogge2017,
author ="Rogge, S. M. J. and Bavykina, A. and Hajek, J. and Garcia, H. and Olivos-Suarez, A. I. and Sepúlveda-Escribano, A. and Vimont, A. and Clet, G. and Bazin, P. and Kapteijn, F. and Daturi, M. and Ramos-Fernandez, E. V. and Llabrés i Xamena, F. X. and Van Speybroeck, V. and Gascon, J.",
title  ="Metal–organic and covalent organic frameworks as single-site catalysts",
journal  ="Chem. Soc. Rev.",
year  ="2017",
volume  ="46",
issue  ="11",
pages  ="3134-3184",
publisher  ="The Royal Society of Chemistry",
doi  ="10.1039/C7CS00033B",
url  ="http://dx.doi.org/10.1039/C7CS00033B"
}

@article{Born1927,
author = {Born, M. and Oppenheimer, R.},
title = {Zur Quantentheorie der Molekeln},
journal = {Annalen der Physik},
volume = {389},
number = {20},
pages = {457-484},
doi = {10.1002/andp.19273892002},
url = {https://onlinelibrary.wiley.com/doi/abs/10.1002/andp.19273892002},
eprint = {https://onlinelibrary.wiley.com/doi/pdf/10.1002/andp.19273892002},
year = {1927}
}

@article{Ceriotti2016,
author = {Ceriotti, Michele and Fang, Wei and Kusalik, Peter G. and McKenzie, Ross H. and Michaelides, Angelos and Morales, Miguel A. and Markland, Thomas E.},
title = {Nuclear Quantum Effects in Water and Aqueous Systems: Experiment, Theory, and Current Challenges},
journal = {Chemical Reviews},
volume = {116},
number = {13},
pages = {7529-7550},
year = {2016},
doi = {10.1021/acs.chemrev.5b00674},
    note ={PMID: 27049513},
URL = {https://doi.org/10.1021/acs.chemrev.5b00674},
eprint = {https://doi.org/10.1021/acs.chemrev.5b00674}
}

@article{VanDuin2001,
author = {van Duin, Adri C. T. and Dasgupta, Siddharth and Lorant, Francois and Goddard, William A.},
title = {ReaxFF: A Reactive Force Field for Hydrocarbons},
journal = {The Journal of Physical Chemistry A},
volume = {105},
number = {41},
pages = {9396-9409},
year = {2001},
doi = {10.1021/jp004368u},

URL = { 
        https://doi.org/10.1021/jp004368u
    
},
eprint = { 
        https://doi.org/10.1021/jp004368u
    
}

}

@article{Thomas1927, title={The calculation of atomic fields}, volume={23}, DOI={10.1017/S0305004100011683}, number={5}, journal={Mathematical Proceedings of the Cambridge Philosophical Society}, publisher={Cambridge University Press}, author={Thomas, L. H.}, year={1927}, pages={542–548}}

@article{Fermi1928,
author="Fermi, E.",
title="Eine statistische Methode zur Bestimmung einiger Eigenschaften des Atoms und ihre Anwendung auf die Theorie des periodischen Systems der Elemente",
journal="Zeitschrift f{\"u}r Physik",
year="1928",
month="Jan",
day="01",
volume="48",
number="1",
pages="73--79",
doi="10.1007/BF01351576",
url="https://doi.org/10.1007/BF01351576"
}

@article{Hohenberg1964,
  title = {Inhomogeneous Electron Gas},
  author = {Hohenberg, P. and Kohn, W.},
  journal = {Phys. Rev.},
  volume = {136},
  issue = {3B},
  pages = {B864--B871},
  numpages = {0},
  year = {1964},
  month = {Nov},
  publisher = {American Physical Society},
  doi = {10.1103/PhysRev.136.B864},
  url = {https://link.aps.org/doi/10.1103/PhysRev.136.B864}
}

@article{Kohn1965,
  title = {Self-Consistent Equations Including Exchange and Correlation Effects},
  author = {Kohn, W. and Sham, L. J.},
  journal = {Phys. Rev.},
  volume = {140},
  issue = {4A},
  pages = {A1133--A1138},
  numpages = {0},
  year = {1965},
  month = {Nov},
  publisher = {American Physical Society},
  doi = {10.1103/PhysRev.140.A1133},
  url = {https://link.aps.org/doi/10.1103/PhysRev.140.A1133}
}

@article{Vosko1980,
author = {Vosko, S. H. and Wilk, L. and Nusair, M.},
title = {Accurate spin-dependent electron liquid correlation energies for local spin density calculations: a critical analysis},
journal = {Canadian Journal of Physics},
volume = {58},
number = {8},
pages = {1200-1211},
year = {1980},
doi = {10.1139/p80-159},
URL = {  https://doi.org/10.1139/p80-159},
eprint = {https://doi.org/10.1139/p80-159 }
}

@article{Becke1988,
  title = {Density-functional exchange-energy approximation with correct asymptotic behavior},
  author = {Becke, A. D.},
  journal = {Phys. Rev. A},
  volume = {38},
  issue = {6},
  pages = {3098--3100},
  numpages = {0},
  year = {1988},
  month = {Sep},
  publisher = {American Physical Society},
  doi = {10.1103/PhysRevA.38.3098},
  url = {https://link.aps.org/doi/10.1103/PhysRevA.38.3098}
}

@article{Lee1988,
  title = {Development of the Colle-Salvetti correlation-energy formula into a functional of the electron density},
  author = {Lee, Chengteh and Yang, Weitao and Parr, Robert G.},
  journal = {Phys. Rev. B},
  volume = {37},
  issue = {2},
  pages = {785--789},
  numpages = {0},
  year = {1988},
  month = {Jan},
  publisher = {American Physical Society},
  doi = {10.1103/PhysRevB.37.785},
  url = {https://link.aps.org/doi/10.1103/PhysRevB.37.785}
}

@article{Perdew1996,
  title = {Generalized Gradient Approximation Made Simple},
  author = {Perdew, John P. and Burke, Kieron and Ernzerhof, Matthias},
  journal = {Phys. Rev. Lett.},
  volume = {77},
  issue = {18},
  pages = {3865--3868},
  numpages = {0},
  year = {1996},
  month = {Oct},
  publisher = {American Physical Society},
  doi = {10.1103/PhysRevLett.77.3865},
  url = {https://link.aps.org/doi/10.1103/PhysRevLett.77.3865}
}

@article{Perdew1997,
  title = {Generalized Gradient Approximation Made Simple [Phys. Rev. Lett. 77, 3865 (1996)]},
  author = {Perdew, John P. and Burke, Kieron and Ernzerhof, Matthias},
  journal = {Phys. Rev. Lett.},
  volume = {78},
  issue = {7},
  pages = {1396--1396},
  numpages = {0},
  year = {1997},
  month = {Feb},
  publisher = {American Physical Society},
  doi = {10.1103/PhysRevLett.78.1396},
  url = {https://link.aps.org/doi/10.1103/PhysRevLett.78.1396}
}



@article{Becke1993,
author = {Becke,Axel D. },
title = {Density‐functional thermochemistry. III. The role of exact exchange},
journal = {The Journal of Chemical Physics},
volume = {98},
number = {7},
pages = {5648-5652},
year = {1993},
doi = {10.1063/1.464913},
URL = { https://doi.org/10.1063/1.464913},
eprint = {   https://doi.org/10.1063/1.464913}
}


@article{Adamo1999,
author = {Adamo,Carlo  and Barone,Vincenzo },
title = {Toward reliable density functional methods without adjustable parameters: The PBE0 model},
journal = {The Journal of Chemical Physics},
volume = {110},
number = {13},
pages = {6158-6170},
year = {1999},
doi = {10.1063/1.478522},
URL = { https://doi.org/10.1063/1.478522 },
eprint = {    https://doi.org/10.1063/1.478522}
}


@article{Grimme2010,
author = {Grimme,Stefan  and Antony,Jens  and Ehrlich,Stephan  and Krieg,Helge },
title = {A consistent and accurate ab initio parametrization of density functional dispersion correction (DFT-D) for the 94 elements H-Pu},
journal = {The Journal of Chemical Physics},
volume = {132},
number = {15},
pages = {154104},
year = {2010},
doi = {10.1063/1.3382344},
URL = {         https://doi.org/10.1063/1.3382344},
eprint = {         https://doi.org/10.1063/1.3382344   }
}

@article{Buko2016,
	doi = {10.1088/0953-8984/28/4/045201},
	url = {https://doi.org/10.1088%2F0953-8984%2F28%2F4%2F045201},
	year = 2016,
	month = {jan},
	publisher = {{IOP} Publishing},
	volume = {28},
	number = {4},
	pages = {045201},
	author = {Tom{\'{a}}{\v{s}} Bu{\v{c}}ko and S{\'{e}}bastien Leb{\`{e}}gue and Tim Gould and J{\'{a}}nos G {\'{A}}ngy{\'{a}}n},
	title = {Many-body dispersion corrections for periodic systems: an efficient reciprocal space implementation},
	journal = {Journal of Physics: Condensed Matter},
}

@article{Ambrosetti2014,
author = {Ambrosetti,Alberto  and Reilly,Anthony M.  and DiStasio,Robert A.  and Tkatchenko,Alexandre },
title = {Long-range correlation energy calculated from coupled atomic response functions},
journal = {The Journal of Chemical Physics},
volume = {140},
number = {18},
pages = {18A508},
year = {2014},
doi = {10.1063/1.4865104},
URL = { 
        https://doi.org/10.1063/1.4865104  
},
eprint = { 
        https://doi.org/10.1063/1.4865104   
}
}

@article{Wieme2018,
  title={Tuning the balance between dispersion and entropy to design temperature-responsive flexible metal-organic frameworks},
  author={Wieme, Jelle and Lejaeghere, K and Kresse, G and Van Speybroeck, V},
  journal={Nature communications},
  volume={9},
  number={1},
  pages={4899},
  year={2018},
  publisher={Nature Publishing Group}
}


@article{Verstraelen2008,
author = {Verstraelen, T. and Van Speybroeck, V. and Waroquier, M.},
title = {ZEOBUILDER: A GUI Toolkit for the Construction of Complex Molecular Structures on the Nanoscale with Building Blocks},
journal = {Journal of Chemical Information and Modeling},
volume = {48},
number = {7},
pages = {1530-1541},
year = {2008},
doi = {10.1021/ci8000748},
    note ={PMID: 18543904},

URL = { 
        https://doi.org/10.1021/ci8000748
    
},
eprint = { 
        https://doi.org/10.1021/ci8000748
  
}

}


@article{Heyden2005,
author = {Heyden,Andreas  and Bell,Alexis T.  and Keil,Frerich J. },
title = {Efficient methods for finding transition states in chemical reactions: Comparison of improved dimer method and partitioned rational function optimization method},
journal = {The Journal of Chemical Physics},
volume = {123},
number = {22},
pages = {224101},
year = {2005},
doi = {10.1063/1.2104507},

URL = { 
        https://doi.org/10.1063/1.2104507
    
},
eprint = { 
        https://doi.org/10.1063/1.2104507
    
}

}

@book{Press1989,
  title={Numerical recipes in Pascal: the art of scientific computing},
  author={Press, William H and Press, William H and Flannery, Brian P and Flannery, Brian P and Teukolsky, Saul A and Vetterling, William T and Vetterling, William T},
  volume={1},
  year={1989},
  publisher={Cambridge University Press}
}

@article{Vanpoucke2015,
  title={Mechanical properties from periodic plane wave quantum mechanical codes: The challenge of the flexible nanoporous MIL-47 (V) framework},
  author={Vanpoucke, Danny EP and Lejaeghere, Kurt and Van Speybroeck, Veronique and Waroquier, Michel and Ghysels, An},
  journal={The Journal of Physical Chemistry C},
  volume={119},
  number={41},
  pages={23752--23766},
  year={2015},
  publisher={ACS Publications}
}

@misc{Ghysels2010,
  title={TAMkin: a versatile package for vibrational analysis and chemical kinetics},
  author={Ghysels, An and Verstraelen, Toon and Hemelsoet, Karen and Waroquier, Michel and Van Speybroeck, Veronique},
  year={2010},
  publisher={ACS Publications}
}

@article{Ghysels2007,
  title={Cartesian formulation of the mobile block Hessian approach to vibrational analysis in partially optimized systems},
  author={Ghysels, An and Van Neck, Dimitri and Waroquier, Michel},
  journal={The Journal of chemical physics},
  volume={127},
  number={16},
  pages={164108},
  year={2007},
  publisher={AIP}
}

@article{Car1985,
  title={Unified approach for molecular dynamics and density-functional theory},
  author={Car, Richard and Parrinello, Mark},
  journal={Physical review letters},
  volume={55},
  number={22},
  pages={2471},
  year={1985},
  publisher={APS}
}

@article{Ehrenfest1927,
  title={Bemerkung {\"u}ber die angen{\"a}herte G{\"u}ltigkeit der klassischen Mechanik innerhalb der Quantenmechanik},
  author={Ehrenfest, Paul},
  journal={Zeitschrift f{\"u}r Physik A Hadrons and Nuclei},
  volume={45},
  number={7},
  pages={455--457},
  year={1927},
  publisher={Springer}
}

@book{Marx2009,
  title={Ab initio molecular dynamics: basic theory and advanced methods},
  author={Marx, Dominik and Hutter, J{\"u}rg},
  year={2009},
  publisher={Cambridge University Press}
}

@article{Martyna1994,
  title={Constant pressure molecular dynamics algorithms},
  author={Martyna, Glenn J and Tobias, Douglas J and Klein, Michael L},
  journal={The Journal of Chemical Physics},
  volume={101},
  number={5},
  pages={4177--4189},
  year={1994},
  publisher={AIP}
}

